@article{Schumann:2019eaa,
      author         = "Schumann, Marc",
      title          = "{Direct Detection of WIMP Dark Matter: Concepts and
                        Status}",
      journal        = "J. Phys.",
      volume         = "G46",
      year           = "2019",
      number         = "10",
      pages          = "103003",
      doi            = "10.1088/1361-6471/ab2ea5",
      eprint         = "1903.03026",
      archivePrefix  = "arXiv",
      primaryClass   = "astro-ph.CO",
      SLACcitation   = "%%CITATION = ARXIV:1903.03026;%%"
}

@article{Hui:2016ltb,
      author         = "Hui, Lam and Ostriker, Jeremiah P. and Tremaine, Scott
                        and Witten, Edward",
      title          = "{Ultralight scalars as cosmological dark matter}",
      journal        = "Phys. Rev.",
      volume         = "D95",
      year           = "2017",
      number         = "4",
      pages          = "043541",
      doi            = "10.1103/PhysRevD.95.043541",
      eprint         = "1610.08297",
      archivePrefix  = "arXiv",
      primaryClass   = "astro-ph.CO",
      SLACcitation   = "%%CITATION = ARXIV:1610.08297;%%"
}


@article{Mocz:2019emo,
      author         = "Mocz, Philip and others",
      title          = "{First star-forming structures in fuzzy cosmic
                        filaments}",
      journal        = "Phys. Rev. Lett.",
      volume         = "123",
      year           = "2019",
      number         = "14",
      pages          = "141301",
      doi            = "10.1103/PhysRevLett.123.141301",
      eprint         = "1910.01653",
      archivePrefix  = "arXiv",
      primaryClass   = "astro-ph.GA",
      SLACcitation   = "%%CITATION = ARXIV:1910.01653;%%"
}

@article{Lee:2009uv,
      author         = "Lee, Jounghun and Hahn, Oliver and Porciani, Cristiano",
      title          = "{The Anisotropic Two-Point Correlation Functions of the
                        Nonlinear Traceless Tidal Field in the Principal-Axis
                        Frame}",
      journal        = "Astrophys. J.",
      volume         = "705",
      year           = "2009",
      pages          = "1469-1472",
      doi            = "10.1088/0004-637X/705/2/1469",
      eprint         = "0906.5163",
      archivePrefix  = "arXiv",
      primaryClass   = "astro-ph.CO",
      SLACcitation   = "%%CITATION = ARXIV:0906.5163;%%"
}


@article{Edwards:2018ccc,
      author         = "Edwards, Faber and Kendall, Emily and Hotchkiss, Shaun
                        and Easther, Richard",
      title          = "{PyUltraLight: A Pseudo-Spectral Solver for Ultralight
                        Dark Matter Dynamics}",
      journal        = "JCAP",
      volume         = "1810",
      year           = "2018",
      number         = "10",
      pages          = "027",
      doi            = "10.1088/1475-7516/2018/10/027",
      eprint         = "1807.04037",
      archivePrefix  = "arXiv",
      primaryClass   = "astro-ph.CO",
      SLACcitation   = "%%CITATION = ARXIV:1807.04037;%%"
}

@article{Zeldovich:1969sb,
      author         = "Zeldovich, {\relax Ya}. B.",
      title          = "{Gravitational instability: An Approximate theory for
                        large density perturbations}",
      journal        = "Astron. Astrophys.",
      volume         = "5",
      year           = "1970",
      pages          = "84-89",
      SLACcitation   = "%%CITATION = AAEJA,5,84;%%"
}

@article{Mocz:2018ium,
      author         = "Mocz, Philip and Lancaster, Lachlan and Fialkov,
                        Anastasia and Becerra, Fernando and Chavanis,
                        Pierre-Henri",
      title          = "{Schrödinger-Poisson–Vlasov-Poisson correspondence}",
      journal        = "Phys. Rev.",
      volume         = "D97",
      year           = "2018",
      number         = "8",
      pages          = "083519",
      doi            = "10.1103/PhysRevD.97.083519",
      eprint         = "1801.03507",
      archivePrefix  = "arXiv",
      primaryClass   = "astro-ph.CO",
      SLACcitation   = "%%CITATION = ARXIV:1801.03507;%%"
}

@article{Marsh:2018zyw,
      author         = "Marsh, David J. E. and Niemeyer, Jens C.",
      title          = "{Strong Constraints on Fuzzy Dark Matter from Ultrafaint
                        Dwarf Galaxy Eridanus II}",
      journal        = "Phys. Rev. Lett.",
      volume         = "123",
      year           = "2019",
      number         = "5",
      pages          = "051103",
      doi            = "10.1103/PhysRevLett.123.051103",
      eprint         = "1810.08543",
      archivePrefix  = "arXiv",
      primaryClass   = "astro-ph.CO",
      SLACcitation   = "%%CITATION = ARXIV:1810.08543;%%"
}


@article{Armengaud:2017nkf,
      author         = "Armengaud, Eric and Palanque-Delabrouille, Nathalie and
                        Yèche, Christophe and Marsh, David J. E. and Baur,
                        Julien",
      title          = "{Constraining the mass of light bosonic dark matter using
                        SDSS Lyman-$\alpha$ forest}",
      journal        = "Mon. Not. Roy. Astron. Soc.",
      volume         = "471",
      year           = "2017",
      number         = "4",
      pages          = "4606-4614",
      doi            = "10.1093/mnras/stx1870",
      eprint         = "1703.09126",
      archivePrefix  = "arXiv",
      primaryClass   = "astro-ph.CO",
      SLACcitation   = "%%CITATION = ARXIV:1703.09126;%%"
}

@article{Irsic:2017yje,
      author         = "Iršič, Vid and Viel, Matteo and Haehnelt, Martin G. and
                        Bolton, James S. and Becker, George D.",
      title          = "{First constraints on fuzzy dark matter from
                        Lyman-$\alpha$ forest data and hydrodynamical
                        simulations}",
      journal        = "Phys. Rev. Lett.",
      volume         = "119",
      year           = "2017",
      number         = "3",
      pages          = "031302",
      doi            = "10.1103/PhysRevLett.119.031302",
      eprint         = "1703.04683",
      archivePrefix  = "arXiv",
      primaryClass   = "astro-ph.CO",
      SLACcitation   = "%%CITATION = ARXIV:1703.04683;%%"
}

@article{Seidel:1993zk,
      author         = "Seidel, Edward and Suen, Wai-Mo",
      title          = "{Formation of solitonic stars through gravitational
                        cooling}",
      journal        = "Phys. Rev. Lett.",
      volume         = "72",
      year           = "1994",
      pages          = "2516-2519",
      doi            = "10.1103/PhysRevLett.72.2516",
      eprint         = "gr-qc/9309015",
      archivePrefix  = "arXiv",
      primaryClass   = "gr-qc",
      reportNumber   = "PRINT-93-0724 (NCSA,URBANA)",
      SLACcitation   = "%%CITATION = GR-QC/9309015;%%"
}


@article{Guzman:2006yc,
      author         = "Guzman, F. Siddhartha and Urena-Lopez, L. Arturo",
      title          = "{Gravitational cooling of self-gravitating
                        Bose-Condensates}",
      journal        = "Astrophys. J.",
      volume         = "645",
      year           = "2006",
      pages          = "814-819",
      doi            = "10.1086/504508",
      eprint         = "astro-ph/0603613",
      archivePrefix  = "arXiv",
      primaryClass   = "astro-ph",
      SLACcitation   = "%%CITATION = ASTRO-PH/0603613;%%"
}

@article{Arvanitaki:2019rax,
      author         = "Arvanitaki, Asimina and Dimopoulos, Savas and Galanis,
                        Marios and Lehner, Luis and Thompson, Jedidiah O. and Van
                        Tilburg, Ken",
      title          = "{The Large-Misalignment Mechanism for the Formation of
                        Compact Axion Structures: Signatures from the QCD Axion to
                        Fuzzy Dark Matter}",
      year           = "2019",
      eprint         = "1909.11665",
      archivePrefix  = "arXiv",
      primaryClass   = "astro-ph.CO",
      SLACcitation   = "%%CITATION = ARXIV:1909.11665;%%"
}


@article{Veltmaat:2018dfz,
      author         = "Veltmaat, Jan and Niemeyer, Jens C. and Schwabe, Bodo",
      title          = "{Formation and structure of ultralight bosonic dark
                        matter halos}",
      journal        = "Phys. Rev.",
      volume         = "D98",
      year           = "2018",
      number         = "4",
      pages          = "043509",
      doi            = "10.1103/PhysRevD.98.043509",
      eprint         = "1804.09647",
      archivePrefix  = "arXiv",
      primaryClass   = "astro-ph.CO",
      SLACcitation   = "%%CITATION = ARXIV:1804.09647;%%"
}


@article{Lin:2018whl,
      author         = "Lin, Shan-Chang and Schive, Hsi-Yu and Wong, Shing-Kwong
                        and Chiueh, Tzihong",
      title          = "{Self-consistent construction of virialized wave dark
                        matter halos}",
      journal        = "Phys. Rev.",
      volume         = "D97",
      year           = "2018",
      number         = "10",
      pages          = "103523",
      doi            = "10.1103/PhysRevD.97.103523",
      eprint         = "1801.02320",
      archivePrefix  = "arXiv",
      primaryClass   = "astro-ph.CO",
      SLACcitation   = "%%CITATION = ARXIV:1801.02320;%%"
}


@article{Chavanis:2018pkx,
      author         = "Chavanis, Pierre-Henri",
      title          = "{Predictive model of BEC dark matter halos with a
                        solitonic core and an isothermal atmosphere}",
      journal        = "Phys. Rev.",
      volume         = "D100",
      year           = "2019",
      number         = "8",
      pages          = "083022",
      doi            = "10.1103/PhysRevD.100.083022",
      eprint         = "1810.08948",
      archivePrefix  = "arXiv",
      primaryClass   = "gr-qc",
      SLACcitation   = "%%CITATION = ARXIV:1810.08948;%%"
}

@ARTICLE{2016MNRAS.457.2501F,
       author = {{Forgan}, Duncan and {Bonnell}, Ian and {Lucas}, William and {Rice}, Ken},
        title = "{Tensor classification of structure in smoothed particle hydrodynamics density fields}",
      journal = {\mnras},
     keywords = {methods: numerical, stars: formation, ISM: kinematics and dynamics, Astrophysics - Instrumentation and Methods for Astrophysics, Astrophysics - Earth and Planetary Astrophysics, Astrophysics - Astrophysics of Galaxies, Astrophysics - Solar and Stellar Astrophysics},
         year = "2016",
        month = "Apr",
       volume = {457},
       number = {3},
        pages = {2501-2513},
          doi = {10.1093/mnras/stw103},
archivePrefix = {arXiv},
       eprint = {1601.02580},
 primaryClass = {astro-ph.IM},
       adsurl = {https://ui.adsabs.harvard.edu/abs/2016MNRAS.457.2501F},
      adsnote = {Provided by the SAO/NASA Astrophysics Data System}
}


@article{Niemeyer:2019aqm,
      author         = "Niemeyer, Jens C.",
      title          = "{Small-scale structure of fuzzy and axion-like dark
                        matter}",
      year           = "2019",
      eprint         = "1912.07064",
      archivePrefix  = "arXiv",
      primaryClass   = "astro-ph.CO",
      SLACcitation   = "%%CITATION = ARXIV:1912.07064;%%"
}


@article{Veltmaat:2019hou,
      author         = "Veltmaat, Jan and Schwabe, Bodo and Niemeyer, Jens C.",
      title          = "{Baryon-driven growth of solitonic cores in fuzzy dark
                        matter halos}",
      year           = "2019",
      eprint         = "1911.09614",
      archivePrefix  = "arXiv",
      primaryClass   = "astro-ph.CO",
      SLACcitation   = "%%CITATION = ARXIV:1911.09614;%%"
}


@article{Schive:2014dra,
      author         = "Schive, Hsi-Yu and Chiueh, Tzihong and Broadhurst, Tom",
      title          = "{Cosmic Structure as the Quantum Interference of a
                        Coherent Dark Wave}",
      journal        = "Nature Phys.",
      volume         = "10",
      year           = "2014",
      pages          = "496-499",
      doi            = "10.1038/nphys2996",
      eprint         = "1406.6586",
      archivePrefix  = "arXiv",
      primaryClass   = "astro-ph.GA",
      SLACcitation   = "%%CITATION = ARXIV:1406.6586;%%"
}


@article{Bar:2018acw,
      author         = "Bar, Nitsan and Blas, Diego and Blum, Kfir and
                        Sibiryakov, Sergey",
      title          = "{Galactic rotation curves versus ultralight dark matter:
                        Implications of the soliton-host halo relation}",
      journal        = "Phys. Rev.",
      volume         = "D98",
      year           = "2018",
      number         = "8",
      pages          = "083027",
      doi            = "10.1103/PhysRevD.98.083027",
      eprint         = "1805.00122",
      archivePrefix  = "arXiv",
      primaryClass   = "astro-ph.CO",
      reportNumber   = "CERN-TH-2018-102, INR-TH-2018-008, KCL-PH-TH/2018-16",
      SLACcitation   = "%%CITATION = ARXIV:1805.00122;%%"
}


